@article{alves2015mass,
  title={Mass spectrometry-based protein identification with accurate statistical significance assignment},
  author={Alves, Gelio and Yu, Yi-Kuo},
  journal={Bioinformatics},
  volume={31},
  number={5},
  pages={699--706},
  year={2015},
  publisher={Oxford Univ Press}
}
@article{kall2007,
  title={Semi-supervised learning for peptide identification
         from shotgun proteomics datasets},
  author={K\"{a}ll, Lukas and Canterbury, Jesse D and Weston, Jason
          and Noble, William Stafford and MacCoss, Michael J},
  journal={Nature Methods},
  volume={4},
  number={11},
  pages={923--925},
  year={2007},
  publisher={Nature Publishing Group}
}
@article{eng1994,
  title={An approach to correlate tandem mass spectral data of
peptides with amino acid sequences in a protein database},
  author={Eng, Jimmy K and {McCormack}, Ashley L and Yates, John R},
  journal={Journal of The American Society for Mass Spectrometry},
  volume={5},
  number={11},
  pages={976--989},
  year={1994},
  publisher={Springer}
}
@article{cottrell1999,
  title={Probability-based protein identification by searching
sequence
databases using mass spectrometry data},
  author={Perkins, DN and Pappin, DJ and Creasy, DM and Cottrell, JS},
  journal={Electrophoresis},
  volume={20},
  number={18},
  pages={3551--3567},
  year={1999}
}
@article{cox2008maxquant,
  title={MaxQuant enables high peptide identification rates, individualized ppb-range mass accuracies and proteome-wide protein quantification},
  author={Cox, J\"{u}rgen and Mann, Matthias},
  journal={Nature Biotechnology},
  volume={26},
  number={12},
  pages={1367--1372},
  year={2008},
  publisher={Nature Publishing Group}
}
@article{craig2004tandem,
  title={{TANDEM}: {M}atching proteins with tandem mass spectra},
  author={Craig, Robertson and Beavis, Ronald C},
  journal={Bioinformatics},
  volume={20},
  number={9},
  pages={1466--1467},
  year={2004},
  publisher={Oxford Univ Press}
}
@article{granholm2013determining,
  title={Determining the calibration of confidence estimation procedures for unique peptides in shotgun proteomics},
  author={Granholm, Viktor and Navarro, Jos{\'e} Fern{\'a}ndez and Noble, William Stafford and K{\"a}ll, Lukas},
  journal={Journal of Proteomics},
  volume={80},
  pages={123--131},
  year={2013},
  publisher={Elsevier}
}
@article{kim2008,
  title={Spectral probabilities and generating functions of tandem
mass spectra: {A} strike against decoy databases},
  author={Kim, Sangtae and Gupta, Nitin and Pevzner, Pavel A},
  journal={Journal of Proteome Research},
  volume={7},
  number={8},
  pages={3354--3363},
  year={2008},
  publisher={ACS Publications}
}
@article{wilhelm2014mass,
  title={Mass-spectrometry-based draft of the human proteome},
  author={Wilhelm, Mathias and Schlegl, Judith and Hahne, Hannes and
Gholami, Amin Moghaddas and Lieberenz, Marcus and Savitski, Mikhail M
and Ziegler, Emanuel and Butzmann, Lars and Gessulat, Siegfried and
Marx, Harald and others},
  journal={Nature},
  volume={509},
  number={7502},
  pages={582--587},
  year={2014},
  publisher={Nature Publishing Group}
}
@article{kim2014draft,
  title={A draft map of the human proteome},
  author={Kim, Min-Sik and Pinto, Sneha M and Getnet, Derese and
Nirujogi, Raja Sekhar and Manda, Srikanth S and Chaerkady, Raghothama
and Madugundu, Anil K and Kelkar, Dhanashree S and Isserlin, Ruth and
Jain, Shobhit and others},
  journal={Nature},
  volume={509},
  number={7502},
  pages={575--581},
  year={2014},
  publisher={Nature Publishing Group}
}
@article{wu2013,
  title={Variation and genetic control of protein abundance in
humans},
  author={Wu, Linfeng and Candille, Sophie I and Choi, Yoonha and Xie,
Dan and
Jiang, Lihua and Li-Pook-Than, Jennifer and Tang, Hua and Snyder,
Michael},
  journal={Nature},
  volume={499},
  number={7456},
  pages={79--82},
  year={2013},
  publisher={Nature Publishing Group}
}
@article{kessner2008,
  title={{P}roteo{W}izard: {O}pen source software for rapid proteomics
tools development},
  author={Kessner, Darren and Chambers, Matt and Burke, Robert and
Agus, David and Mallick, Parag},
  journal={Bioinformatics},
  volume={24},
  number={21},
  pages={2534--2536},
  year={2008},
  publisher={Oxford Univ Press}
}
@article{gonnelli2015decoy,
  title={A decoy-free approach to the identification of peptides},
  author={Gonnelli, Giulia and Stock, Michiel and Verwaeren, Jan and
Maddelein, Davy and De Baets, Bernard and Martens, Lennart and
Degroeve, Sven},
  journal={Journal of Proteome Research},
  volume={14},
  number={4},
  pages={1792--1798},
  year={2015},
  publisher={ACS Publications}
}
@article{hoopmann2007,
  title={High-speed data reduction, feature detection, and {MS/MS}
spectrum quality assessment of shotgun proteomics data sets using
high-resolution mass spectrometry},
  author={Hoopmann, Michael R and Finney, Gregory L and MacCoss,
Michael J},
  journal={Analytical Chemistry},
  volume={79},
  number={15},
  pages={5620--5632},
  year={2007},
  publisher={ACS Publications}
}
@article{hsieh2009,
  title={Comparison of database search strategies for high precursor
mass accuracy {MS/MS} data},
  author={Hsieh, Edward J and Hoopmann, Michael R and MacLean, Brendan
and MacCoss, Michael J},
  journal={Journal of Proteome Research},
  volume={9},
  number={2},
  pages={1138--1143},
  year={2009},
  publisher={ACS Publications}
}
@article{mcilwain2014,
  title={{C}rux: {R}apid open source protein tandem mass spectrometry
analysis},
  author={McIlwain, Sean and Tamura, Kaipo and Kertesz-Farkas, Attila
and Grant, Charles E and Diament, Benjamin and Frewen, Barbara and
Howbert, J Jeffry and Hoopmann, Michael R and K\"all, Lukas and Eng,
Jimmy K and MacCoss, Michael J and Noble, William S},
  journal={Journal of Proteome Research},
  volume={13},
  number={10},
  pages={4488--4491},
  year={2014},
  publisher={ACS Publications}
}
@article{nesvizhskii2005interpretation,
  title={Interpretation of shotgun proteomic data the protein
inference problem},
  author={Nesvizhskii, Alexey I and Aebersold, Ruedi},
  journal={Molecular \& Cellular Proteomics},
  volume={4},
  number={10},
  pages={1419--1440},
  year={2005},
  publisher={ASBMB}
}
@article{zhang2007proteomic,
  title={Proteomic parsimony through bipartite graph analysis improves
accuracy and transparency},
  author={Zhang, Bing and Chambers, Matthew C and Tabb, David L},
  journal={Journal of Proteome Research},
  volume={6},
  number={9},
  pages={3549--3557},
  year={2007},
  publisher={ACS Publications}
}
@article{klimek2007standard,
  title={The standard protein mix database: {A} diverse data set to
assist in the production of improved peptide and protein
identification software tools},
  author={Klimek, John and Eddes, James S and Hohmann, Laura and
Jackson, Jennifer and Peterson, Amelia and Letarte, Simon and Gafken,
Philip R and Katz, Jonathan E and Mallick, Parag and Lee, Hookeun and
others},
  journal={Journal of Proteome Research},
  volume={7},
  number={01},
  pages={96--103},
  year={2007},
  publisher={ACS Publications}
}
@article{granholm2011using,
  title={On using samples of known protein content to assess the
statistical calibration of scores assigned to peptide-spectrum matches
in shotgun proteomics},
  author={Granholm, Viktor and Noble, William Stafford and KaÌˆll,
Lukas},
  journal={Journal of Proteome Research},
  volume={10},
  number={5},
  pages={2671--2678},
  year={2011},
  publisher={ACS Publications}
}
@article{bielow2011mssimulator,
  title={{MSS}imulator: {S}imulation of mass spectrometry data},
  author={Bielow, Chris and Aiche, Stephan and Andreotti, Sandro and
Reinert, Knut},
  journal={Journal of Proteome Research},
  volume={10},
  number={7},
  pages={2922--2929},
  year={2011},
  publisher={ACS Publications}
}
@article{hubbard2002ensembl,
  title={The {E}nsembl genome database project},
  author={Hubbard, T and Barker, Daniel and Birney, Ewan and Cameron,
Graham and Chen, Yuan and Clark, L and Cox, Tony and Cuff, J and
Curwen, Val and Down, Thomas and others},
  journal={Nucleic Acids Research},
  volume={30},
  number={1},
  pages={38--41},
  year={2002},
  publisher={Oxford Univ Press}
}
@article{serang2012recognizing,
author = {Serang, Oliver and Moruz, Luminita and Hoopmann, Michael R.
and K{\"{a}}ll, Lukas},
isbn = {1535-3907 (Electronic)$\backslash$r1535-3893 (Linking)},
issn = {1535-3907},
journal = {Journal of Proteome Research},
number = {12},
pages = {5586--91},
pmid = {23148905},
title = {{Recognizing uncertainty increases robustness and
reproducibility of mass spectrometry-based protein inferences.}},
volume = {11},
year = {2012}
}
@article{serang2015solution,
  title={Solution to Statistical Challenges in Proteomics Is More
Statistics, Not Less},
  author={Serang, Oliver and K\"{a}ll, Lukas},
  journal={Journal of Proteome Research},
  year={2015},
  publisher={ACS Publications}
}
@article{peng2003evaluation,
  title={Evaluation of multidimensional chromatography coupled with
tandem mass spectrometry ({LC/LC-MS/MS}) for large-scale protein
analysis: {T}he yeast proteome},
  author={Peng, Junmin and Elias, Joshua E and Thoreen, Carson C and
Licklider, Larry J and Gygi, Steven P},
  journal={Journal of Proteome Research},
  volume={2},
  number={1},
  pages={43--50},
  year={2003},
  publisher={ACS Publications}
}
@article{moore2002qscore,
  title={{Q}score: {A}n algorithm for evaluating {SEQUEST} database
search results},
  author={Moore, Roger E and Young, Mary K and Lee, Terry D},
  journal={Journal of the American Society for Mass Spectrometry},
  volume={13},
  number={4},
  pages={378--386},
  year={2002},
  publisher={Elsevier}
}
@article{nesvizhskii2003statistical,
  title={A statistical model for identifying proteins by tandem mass
spectrometry},
  author={Nesvizhskii, Alexey I and Keller, Andrew and Kolker, Eugene
and Aebersold, Ruedi},
  journal={Analytical Chemistry},
  volume={75},
  number={17},
  pages={4646--4658},
  year={2003},
  publisher={ACS Publications}
}
@article{nesvizhskii2005interpretation,
  title={Interpretation of shotgun proteomic data the protein
inference problem},
  author={Nesvizhskii, Alexey I and Aebersold, Ruedi},
  journal={Molecular \& Cellular Proteomics},
  volume={4},
  number={10},
  pages={1419--1440},
  year={2005},
  publisher={ASBMB}
}
@article{li2009bayesian,
  title={A Bayesian approach to protein inference problem in shotgun
proteomics},
  author={Li, Yong Fuga and Arnold, Randy J and Li, Yixue and
Radivojac, Predrag and Sheng, Quanhu and Tang, Haixu},
  journal={Journal of Computational Biology},
  volume={16},
  number={8},
  pages={1183--1193},
  year={2009},
  publisher={Mary Ann Liebert, Inc. 140 Huguenot Street, 3rd Floor New
Rochelle, NY 10801 USA}
}
@article{benjamini1995controlling,
  title={Controlling the false discovery rate: {A} practical and
powerful approach to multiple testing},
  author={Benjamini, Yoav and Hochberg, Yosef},
  journal={Journal of the Royal Statistical Society. Series B
(Methodological)},
  pages={289--300},
  year={1995},
  publisher={JSTOR}
}
@article{storey2003statistical,
  title={Statistical significance for genomewide studies},
  author={Storey, John D and Tibshirani, Robert},
  journal={Proceedings of the National Academy of Sciences},
  volume={100},
  number={16},
  pages={9440--9445},
  year={2003},
  publisher={National Acad Sciences}
}
@article{serang2012review,
  title={A review of statistical methods for protein identification
using tandem mass spectrometry},
  author={Serang, Oliver and Noble, William},
  journal={Statistics and its Interface},
  volume={5},
  number={1},
  pages={3},
  year={2012},
  publisher={NIH Public Access}
}
@article{serang2010efficient,
  title={Efficient marginalization to compute protein posterior
probabilities from shotgun mass spectrometry data},
  author={Serang, Oliver and MacCoss, Michael J and Noble, William
Stafford},
  journal={Journal of Proteome Research},
  volume={9},
  number={10},
  pages={5346--5357},
  year={2010},
  publisher={ACS Publications}
}

@article{reiter2009protein,
  title={Protein identification false discovery rates for very large
proteomics data sets generated by tandem mass spectrometry},
  author={Reiter, Lukas and Claassen, Manfred and Schrimpf, Sabine P
and Jovanovic, Marko and Schmidt, Alexander and Buhmann, Joachim M and
Hengartner, Michael O and Aebersold, Ruedi},
  journal={Molecular \& Cellular Proteomics},
  volume={8},
  number={11},
  pages={2405--2417},
  year={2009},
  publisher={ASBMB}
}

@article{savitski2015scalable,
  title={A scalable approach for protein false discovery rate
estimation in large proteomic data sets},
  author={Savitski, Mikhail M and Wilhelm, Mathias and Hahne, Hannes
and Kuster, Bernhard and Bantscheff, Marcus},
  journal={Molecular \& Cellular Proteomics},
  pages={mcp--M114},
  year={2015},
  publisher={ASBMB}
}

@article{granholm2013determining,
  title={Determining the calibration of confidence estimation
procedures for unique peptides in shotgun proteomics},
  author={Granholm, Viktor and Navarro, Jos\'{e} Fern\'{a}ndez and
Noble, William Stafford and K\"{a}ll, Lukas},
  journal={Journal of Proteomics},
  volume={80},
  pages={123--131},
  year={2013},
  publisher={Elsevier}
}
@article{granholm2011quality,
  title={Quality assessments of peptide--spectrum matches in shotgun
proteomics},
  author={Granholm, Viktor and K{\"a}ll, Lukas},
  journal={Proteomics},
  volume={11},
  number={6},
  pages={1086--1093},
  year={2011},
  publisher={Wiley Online Library}
}
@incollection{elias2010target,
  title={Target-decoy search strategy for mass spectrometry-based
proteomics},
  author={Elias, Joshua E and Gygi, Steven P},
  booktitle={Proteome Bioinformatics},
  pages={55--71},
  year={2010},
  publisher={Springer}
}
@article{soric1989statistical,
  title={Statistical ``discoveries'' and effect-size estimation},
  author={Sori\'{c}, Branko},
  journal={Journal of the American Statistical Association},
  volume={84},
  number={406},
  pages={608--610},
  year={1989},
  publisher={Taylor \& Francis Group}
}
@article{fenyo2003method,
  title={A method for assessing the statistical significance of mass
spectrometry-based protein identifications using general scoring
schemes},
  author={Feny{\"o}, David and Beavis, Ronald C},
  journal={Analytical Chemistry},
  volume={75},
  number={4},
  pages={768--774},
  year={2003},
  publisher={ACS Publications}
}
@article{kim2008spectral,
  title={Spectral probabilities and generating functions of tandem
mass spectra: {A} strike against decoy databases},
  author={Kim, Sangtae and Gupta, Nitin and Pevzner, Pavel A},
  journal={Journal of Proteome Research},
  volume={7},
  number={8},
  pages={3354--3363},
  year={2008},
  publisher={ACS Publications}
}
@article{keich2014importance,
  title={On the Importance of Well-Calibrated Scores for Identifying
Shotgun Proteomics Spectra},
  author={Keich, Uri and Noble, William Stafford},
  journal={Journal of Proteome Research},
  volume={14},
  number={2},
  pages={1147--1160},
  year={2014},
  publisher={ACS Publications}
}
@article{kall2007assigning,
  title={Assigning significance to peptides identified by tandem mass
spectrometry using decoy databases},
  author={K\"{a}ll, Lukas and Storey, John D and MacCoss, Michael J
and Noble, William Stafford},
  journal={Journal of Proteome Research},
  volume={7},
  number={01},
  pages={29--34},
  year={2007},
  publisher={ACS Publications}
}
@article{wilhelm2014mass,
  title={Mass-spectrometry-based draft of the human proteome},
  author={Wilhelm, Mathias and Schlegl, Judith and Hahne, Hannes and
Gholami, Amin Moghaddas and Lieberenz, Marcus and Savitski, Mikhail M
and Ziegler, Emanuel and Butzmann, Lars and Gessulat, Siegfried and
Marx, Harald and others},
  journal={Nature},
  volume={509},
  number={7502},
  pages={582--587},
  year={2014},
  publisher={Nature Publishing Group}
}
@article{gupta2009false,
  title={False discovery rates of protein identifications: {A} strike
against the two-peptide rule},
  author={Gupta, Nitin and Pevzner, Pavel A},
  journal={Journal of Proteome Research},
  volume={8},
  number={9},
  pages={4173--4181},
  year={2009},
  publisher={ACS Publications}
}
@article{moruz2013,
  title={Mass fingerprinting of complex mixtures: {P}rotein inference
from high-resolution peptide masses and predicted retention times},
  author={Moruz, Luminita and Hoopmann, Michael R and Rosenlund,
Magnus and Granholm, Viktor and Moritz, Robert L and K\"all, Lukas},
  journal={Journal of Proteome Research},
  volume={12},
  number={12},
  pages={5730--5741},
  year={2013},
  publisher={ACS Publications}
}
@article{serang2012review,
  title={A review of statistical methods for protein identification
using tandem mass spectrometry},
  author={Serang, Oliver and Noble, William},
  journal={Statistics and its interface},
  volume={5},
  number={1},
  pages={3},
  year={2012},
  publisher={NIH Public Access}
}
@article{spirin2011assigning,
  title={Assigning spectrum-specific p-values to protein
identifications by mass spectrometry},
  author={Spirin, Victor and Shpunt, Alexander and Seebacher, Jan and
Gentzel, Marc and Shevchenko, Andrej and Gygi, Steven and Sunyaev,
Shamil},
  journal={Bioinformatics},
  volume={27},
  number={8},
  pages={1128--1134},
  year={2011},
  publisher={Oxford Univ Press}
}
@unpublished{the:how,
  author={The, Matthew and Tasnim, Ayesha and K\"{a}ll, Lukas},
  note={Manuscript in preparation},
  title={How to talk about protein-level false discovery rates in
                  shotgun proteomics}
}
@article{carr2004need,
  title={The need for guidelines in publication of peptide and protein
identification data working group on publication guidelines for
peptide and protein identification data},
  author={Carr, Steven and Aebersold, Ruedi and Baldwin, Michael and
Burlingame, AL and Clauser, Karl and Nesvizhskii, Alexey},
  journal={Molecular \& Cellular Proteomics},
  volume={3},
  number={6},
  pages={531--533},
  year={2004},
  publisher={ASBMB}
}
@book{fisher1925statistical,
  title={Statistical methods for research workers},
  author={Fisher, Ronald Aylmer},
  year={1925},
  publisher={Genesis Publishing Pvt Ltd}
}
@article{gupta2009false,
  title={False discovery rates of protein identifications: {A} strike 
against the two-peptide rule},
  author={Gupta, Nitin and Pevzner, Pavel A},
  journal={Journal of Proteome Research},
  volume={8},
  number={9},
  pages={4173--4181},
  year={2009},
  publisher={ACS Publications}
}
@article{mcdonald2004ms1,
  title={MS1, MS2, and SQTâ€”three unified, compact, and easily parsed 
file formats for the storage of shotgun proteomic spectra and 
identifications},
  author={McDonald, W Hayes and Tabb, David L and Sadygov, Rovshan G 
and MacCoss, Michael J and Venable, John and Graumann, Johannes and 
Johnson, Jeff R and Cociorva, Daniel and Yates, John R},
  journal={Rapid Communications in Mass Spectrometry},
  volume={18},
  number={18},
  pages={2162--2168},
  year={2004},
  publisher={Wiley Online Library}
}